@online{hott-in:agda,
  author={Guillaume Brunerie
    and Kuen-Bang {Hou (Favonia)}
    and Evan Cavallo
    and Eric Finster
    and Jesper Cockx
    and Christian Sattler
    and Chris Jeris
    and Michael Shulman
    and others},
  title={Homotopy Type Theory in {A}gda},
  url={https://github.com/HoTT/HoTT-Agda}
}


@inproceedings{hudak07_haskell,
  author =	 {Paul Hudak and John Hughes and Simon Peyton Jones
                  and Philip Wadler},
  title =	 {A History of Haskell: Being Lazy With Class},
  booktitle =	 {Proceedings of the third ACM SIGPLAN conference on
                  History of programming languages},
  year =	 2007,
  pages =	 1,
  doi =		 {10.1145/1238844.1238856},
  url =		 {https://doi.org/10.1145/1238844.1238856},
  DATE_ADDED =	 {Fri Jun 16 11:23:03 2017},
  month =	 {April},
  publisher =	 {Microsoft Research},
}


@article{selinger13,
  author =	 {Peter Selinger},
  title =	 {Lecture Notes on the Lambda Calculus},
  journal =      {Dalhousie University},
  year =	 2013,
  url =		 {http://www.mathstat.dal.ca/~selinger/papers/},
}

@article{jupyter,
  author =       {Jupyter Development Team},
  title =        {Jupyter Notebooks. A publishing format for reproducible computational workflows},
  book =      {Positioning and Power in Academic Publishing: Players, Agents and Agendas},
  publisher =    {IOS Press Ebooks}
  pages =        {87 - 90},
  doi = {10.3233/978-1-61499-649-1-87}
}