@book{lane78categories,
  author =	 {Saunders Mac Lane},
  title =	 {Categories for the Working Mathematician},
  year =	 1978,
  publisher =	 {Springer New York},
  url =		 {https://doi.org/10.1007/978-1-4757-4721-8},
  DATE_ADDED =	 {Sun Apr 2 11:50:04 2017},
  doi =		 {10.1007/978-1-4757-4721-8},
  pages =	 {nil},
  series =	 {Graduate Texts in Mathematics},
}


@article{kan58adjoint,
  author =	 {Daniel M. Kan},
  title =	 {Adjoint Functors},
  journal =	 {Transactions of the American Mathematical Society},
  volume =	 87,
  number =	 2,
  pages =	 {294-294},
  year =	 1958,
  doi =		 {10.1090/s0002-9947-1958-0131451-0},
  url =		 {https://doi.org/10.1090/s0002-9947-1958-0131451-0},
  DATE_ADDED =	 {Sun Apr 2 12:07:22 2017},
}


@ARTICLE{jarastefan10,
  author = {{Jara Mart{\'{\i}}nez}, P. and {L{\'o}pez Pe{\~n}a}, J. and 
	{{\c S}tefan}, D.},
  title = "{Koszul pairs and applications}",
  journal = {ArXiv e-prints},
  archivePrefix = "arXiv",
  eprint = {1011.4243},
  primaryClass = "math.KT",
  keywords = {Mathematics - K-Theory and Homology, Mathematics - Rings and Algebras},
  year = 2010,
  month = nov,
  adsurl = {http://adsabs.harvard.edu/abs/2010arXiv1011.4243J},
  adsnote = {Provided by the SAO/NASA Astrophysics Data System}
}


@inbook{aluffi09_rings,
  DATE_ADDED =	 {Tue Apr 4 22:59:40 2017},
  author =	 {Paolo Aluffi},
  booktitle =	 {Graduate Studies in Mathematics},
  doi =		 {10.1090/gsm/104/03},
  pages =	 {119-186},
  publisher =	 {American Mathematical Society (AMS)},
  series =	 {Graduate Studies in Mathematics},
  title =	 {Rings and modules},
  url =		 {https://doi.org/10.1090/gsm/104/03},
  year =	 {2009},
}


@inbook{aluffi09_linear,
  DATE_ADDED =	 {Sun Apr 30 12:09:08 2017},
  author =	 {Paolo Aluffi},
  booktitle =	 {Graduate Studies in Mathematics},
  doi =		 {10.1090/gsm/104/06},
  pages =	 {305-383},
  publisher =	 {American Mathematical Society},
  series =	 {Graduate Studies in Mathematics},
  title =	 {Linear algebra},
  url =		 {https://doi.org/10.1090/gsm/104/06},
  year =	 {2009},
}


@inbook{weibel94_introd,
  DATE_ADDED =	 {Sun Apr 30 12:10:06 2017},
  author =	 {Charles A. Weibel},
  booktitle =	 {An Introduction to Homological Algebra},
  doi =		 {10.1017/cbo9781139644136.001},
  pages =	 {xi-xiv},
  publisher =	 {Cambridge University Press},
  series =	 {An Introduction to Homological Algebra},
  title =	 {Introduction},
  url =		 {https://doi.org/10.1017/cbo9781139644136.001},
  year =	 {nil},
}


@inbook{rotman08_setting,
  DATE_ADDED =	 {Sun Apr 30 12:24:13 2017},
  author =	 {Joseph J. Rotman},
  booktitle =	 {An Introduction to Homological Algebra},
  doi =		 {10.1007/978-0-387-68324-9_5},
  pages =	 {1-110},
  publisher =	 {Springer New York},
  series =	 {An Introduction to Homological Algebra},
  title =	 {Setting the Stage},
  url =		 {https://doi.org/10.1007/978-0-387-68324-9_5},
  year =	 {2008},
}


@inbook{underwood15_hopf,
  DATE_ADDED =	 {Sun Apr 30 13:16:03 2017},
  author =	 {Robert G. Underwood},
  booktitle =	 {Universitext},
  doi =		 {10.1007/978-3-319-18991-8_1},
  pages =	 {1-34},
  publisher =	 {Springer International Publishing},
  series =	 {Universitext},
  title =	 {Algebras and Coalgebras},
  url =		 {https://doi.org/10.1007/978-3-319-18991-8_1},
  year =	 {2015},
}


@online{hott-in:agda,
  author={Guillaume Brunerie
    and Kuen-Bang {Hou (Favonia)}
    and Evan Cavallo
    and Eric Finster
    and Jesper Cockx
    and Christian Sattler
    and Chris Jeris
    and Michael Shulman
    and others},
  title={Homotopy Type Theory in {A}gda},
  url={https://github.com/HoTT/HoTT-Agda}
}


@inproceedings{hudak07_haskell,
  author =	 {Paul Hudak and John Hughes and Simon Peyton Jones
                  and Philip Wadler},
  title =	 {A History of Haskell: Being Lazy With Class},
  booktitle =	 {Proceedings of the third ACM SIGPLAN conference on
                  History of programming languages},
  year =	 2007,
  pages =	 1,
  doi =		 {10.1145/1238844.1238856},
  url =		 {https://doi.org/10.1145/1238844.1238856},
  DATE_ADDED =	 {Fri Jun 16 11:23:03 2017},
  month =	 {April},
  publisher =	 {Microsoft Research},
}


@book{polishchuk05,
	doi = {10.1090/ulect/037},
	url = {https://doi.org/10.1090%2Fulect%2F037},
	year = 2005,
	month = {nov},
	publisher = {American Mathematical Society},
	author = {Alexander Polishchuk and Leonid Positselski},
	title = {Quadratic Algebras}
}


@article{grothendieck57,
  author =	 {Alexandre Grothendieck},
  title =	 {Sur quelques points d'algebre homologique},
  journal =	 {Tohoku Mathematical Journal},
  volume =	 9,
  number =	 2,
  pages =	 {119-221},
  year =	 1957,
}

@article{selinger13,
  author =	 {Peter Selinger},
  title =	 {Lecture Notes on the Lambda Calculus},
  journal =      {Dalhousie University},
  year =	 2013,
  url =		 {http://www.mathstat.dal.ca/~selinger/papers/},
}

@article{jupyter,
  author =       {Jupyter Development Team},
  title =        {Jupyter Notebooks. A publishing format for reproducible computational workflows},
  book =      {Positioning and Power in Academic Publishing: Players, Agents and Agendas},
  publisher =    {IOS Press Ebooks}
  pages =        {87 - 90},
  doi = {10.3233/978-1-61499-649-1-87}
}